<?xml version="1.0" encoding="UTF-8"?><collection xmlns="http://www.loc.gov/MARC21/slim"><record><leader>00563nam--2200181-i-4500</leader><controlfield tag="001">000024523</controlfield><controlfield tag="002">20161230</controlfield><controlfield tag="005">20161230201035</controlfield><controlfield tag="008">060222s1000------------r-----000-0-eng-d</controlfield><datafield ind1=" " ind2=" " tag="040"><subfield code="a">IFIN-HH</subfield></datafield><datafield ind1=" " ind2=" " tag="080"><subfield code="a">539.144</subfield></datafield><datafield ind1="1" ind2=" " tag="100"><subfield code="a">Hansen, H.H</subfield></datafield><datafield ind1="1" ind2="0" tag="245"><subfield code="a">Zaed compilation of experimental values of internal conversion coefficients and rations for nuclei with z &gt; 60</subfield><subfield code="c">H.h. hansen</subfield></datafield><datafield ind1=" " ind2=" " tag="260"><subfield code="a">Karlsruhe</subfield><subfield code="b">Fachnformationszentrum</subfield><subfield code="c">1985</subfield></datafield><datafield ind1=" " ind2=" " tag="300"><subfield code="a">560 P</subfield></datafield><datafield ind1=" " ind2=" " tag="490"><subfield code="a">Physik Daten Physics Data 17-2 1985</subfield></datafield><datafield ind1=" " ind2=" " tag="852"><subfield code="a">47445</subfield><subfield code="c">53.081</subfield></datafield><datafield ind1=" " ind2=" " tag="CAT"><subfield code="a">Sys</subfield><subfield code="c">20160405</subfield><subfield code="h">092307</subfield></datafield></record></collection>